% CONFERENCES
@string{DARPA = "DARPA Image Understanding Workshop"}
@string{GMIP = "Graphical Models and Image Processing"}
@string{PIEEE = "Proceedings of the IEEE"}
@string{CVPR = "IEEE Conf. on Computer Vision and Pattern Recognition (CVPR)"}
@string{ECCV = "European Conference on Computer Vision"}
@string{RoyalP = "Proceedings of the Royal Society of London B"}
@string{ICCV = "IEEE Intl. Conf. on Computer Vision (ICCV)"}
@string{ACCV = "Asian Conference on Computer Vision"}
@string{BMVC = "British Machine Vision Conference"}
@string{ICASSP = "IEEE Intl. Conf. on Acoustics, Speech and Signal Processing (ICASSP)"}
@string{ICIP = "IEEE Intl. Conf. on Image Processing (ICIP)"}
@string{ISBI = "IEEE Intl. Symp. on Biomedical Imaging (ISBI)"}
@string{ICPR = "International Conference on Pattern Recognition"}
>@string{CDC = "IEEE CDC"}
@string{CDC = "IEEE Conf. Decision and Control (CDC)"}
@string{BMVC = "British Machine Vision Conference"}
@string{MICCAI = "Intl. Conf. Medical Image Computing and Computer Assisted Intervention (MICCAI)"}
@string{ASILOMAR = "Asilomar Conf. on Signals, Systems and Computers (ASILOMAR)"}

%JOURNALS
@string{PAMI = "IEEE Trans. Pattern Anal. Machine Intell."}
@string{IT = "IEEE Trans. on Info. Theory"}
@string{TSP = "IEEE Trans. Signal Process."}
@string{TIP = "IEEE Trans. Image Process."}
@string{TITB="IEEE Trans. Info. Tech. in Biomed."}
@string{TMI="IEEE Trans. Med. Imag."}
@string{CGIP = "Computer Graphics and Image Processing"}
@string{CVGIP = "Computer Vision, Graphics and Image Processing"}
@string{IJCV = "International Journal of Computer Vision"}
@string{CVIU = "Computer Vision and Image Understanding"}
@string{IVC = "Image and Vision Computing"}
@string{PR = "Pattern Recognition"}
@string{PRL = "Pattern Recognition Letters"}
@string{SPL = "IEEE Signal Processing Letters"}
@string{TASE = "IEEE Trans. Automation Sc. and Engg."}
@string{TITS = "IEEE Trans. Intelligent Transp. Sys."}

@article{freeman1991steerable,
  title={The design and use of steerable filters},
  author={Freeman, W. T. and Adelson, E. H},
  journal=PAMI,
  volume={13},
  number={9},
  pages={891--906},
  year={1991},
  publisher={IEEE Computer Society}
}


@article{peng2008bioimage,
  title={Bioimage informatics: a new area of engineering biology},
  author={Peng, Hanchuan},
  journal={Bioinformatics},
  volume={24},
  number={17},
  pages={1827--1836},
  year={2008},
  publisher={Oxford Univ Press}
}

@article{icy,
  title={Icy: an open bioimage informatics platform for extended reproducible research},
  author={De Chaumont, Fabrice and Dallongeville, St{\'e}phane and Chenouard, Nicolas and Herv{\'e}, Nicolas and Pop, Sorin and Provoost, Thomas and Meas-Yedid, Vannary and Pankajakshan, Praveen and Lecomte, Timoth{\'e}e and Le Montagner, Yoann and others},
  journal={Nature Methods},
  volume={9},
  number={7},
  pages={690--696},
  year={2012},
  publisher={Nature Publishing Group}
}

@article{nanda2015doubling,
  title={Doubling up on the Fly: NeuroMorpho. Org Meets Big Data},
  author={Nanda, Sumit and Allaham, M and Bergamino, Maurizio and Polavaram, Sridevi and Arma{\~n}anzas, Rub{\'e}n and Ascoli, Giorgio and Parekh, Ruchi},
  journal={Neuroinformatics},
  volume={1},
  number={13},
  pages={127--129},
  year={2015}
}

@article{schindelin2012fiji,
  title={Fiji: an open-source platform for biological-image analysis},
  author={Schindelin, Johannes and Arganda-Carreras, Ignacio and Frise, Erwin and Kaynig, Verena and Longair, Mark and Pietzsch, Tobias and Preibisch, Stephan and Rueden, Curtis and Saalfeld, Stephan and Schmid, Benjamin and others},
  journal={Nature Methods},
  volume={9},
  number={7},
  pages={676--682},
  year={2012},
  publisher={Nature Publishing Group}
}

@article{schneider2012nih,
  title={NIH Image to ImageJ: 25 years of image analysis},
  author={Schneider, Caroline A and Rasband, Wayne S and Eliceiri, Kevin W},
  journal={Nature Methods},
  volume={9},
  number={7},
  pages={671--675},
  year={2012},
  publisher={Nature Publishing Group}
}

@inproceedings{vaccari2012assessment,
  title={Assessment of Wallerian degeneration by automated image analysis},
  author={Vaccari, Andrea and Gamage, KK and Nachum, S and Condron, Barry and Deppmann, CD and Acton, Scott T},
  booktitle=ASILOMAR,
  pages={1583--1587},
  year={2012},
  organization={IEEE}
}


@book{bovik2010handbook,
  title={Handbook of Image and Video processing},
  author={Bovik, Alan C},
  year={2010},
  publisher={Academic press}
}

@inproceedings{graph_cut,
  title={Interactive graph cuts for optimal boundary \& region segmentation of objects in ND images},
  author={Boykov, Yuri Y and Jolly, Marie-Pierre},
  booktitle=ICCV,
  volume={1},
  pages={105--112},
  year={2001},
  organization={IEEE}
}

@article{livewire,
  title={User-steered image segmentation paradigms: Live wire and live lane},
  author={Falc{\~a}o, Alexandre X and Udupa, Jayaram K and Samarasekera, Supun and Sharma, Shoba and Hirsch, Bruce Elliot and Lotufo, Roberto de A},
  journal={Graphical Models and Image Processing},
  volume={60},
  number={4},
  pages={233--260},
  year={1998},
  publisher={Elsevier}
}

@article{saha_minimax,
  title={Image thresholding by variational minimax optimization},
  author={Saha, Baidya Nath and Ray, Nilanjan},
  journal={Pattern Recognition},
  volume={42},
  number={5},
  pages={843--856},
  year={2009},
  publisher={Elsevier}
}


@article{SNT,
  title={Simple Neurite Tracer: open source software for reconstruction, visualization and analysis of neuronal processes},
  author={Longair, Mark H and Baker, Dean A and Armstrong, J Douglas},
  journal={Bioinformatics},
  volume={27},
  number={17},
  pages={2453--2454},
  year={2011},
  publisher={Oxford Univ Press}
}

@article{imageJ,
  title={Image processing with ImageJ},
  author={Abr{\`a}moff, Michael D and Magalh{\~a}es, Paulo J and Ram, Sunanda J},
  journal={Biophotonics International},
  volume={11},
  number={7},
  pages={36--42},
  year={2004},
  publisher={Laurin Publishing}
}

@article{crackd_TASE,
  title={Automated Crack Detection on Concrete Bridges},
  author={Prasanna, Prateek and Dana, Kristin J and Gucunski, Nenad and Basily, Basily B and La, Hung M and Lim, Ronny Salim and Parvardeh, Hooman},
  journal = TASE,
  pages = {-},
  year = {2014}
}

@article{oliveira2013automatic,
  title={Automatic road crack detection and characterization},
  author={Oliveira, Henrique and Correia, Paulo Lobato},
  journal=TITS,
  volume={14},
  number={1},
  pages={155--168},
  year={2013},
  publisher={IEEE}
}

@inproceedings{oliveira2014crackit,
  title={CrackITâ€”An image processing toolbox for crack detection and characterization},
  author={Oliveira, Henrique and Correia, Paulo Lobato},
  booktitle=ICIP,
  pages={798--802},
  year={2014},
}

@inproceedings{wilkinson2001shape,
  title={Shape preserving filament enhancement filtering},
  author={Wilkinson, M. and Westenberg, M.},
  booktitle={MICCAI},
  pages={770--777},
  year={2001},
  organization={Springer}
}

@article{manniesing2006vessel,
  title={Vessel enhancing diffusion: A scale space representation of vessel structures},
  author={R. Manniesing \textit{et al}.},
  journal={Medical Image Analysis},
  volume={10},
  number={6},
  pages={815--825},
  year={2006},
  publisher={Elsevier}
}

@article{sato1998three,
  title={Three-dimensional multi-scale line filter for segmentation and visualization of curvilinear structures in medical images},
  author={Y. Sato \textit{et al}.},
  journal={Medical Image Analysis},
  volume={2},
  number={2},
  pages={143--168},
  year={1998},
  publisher={Elsevier}
}

@article{sofka2006retinal,
  title={Retinal vessel centerline extraction using multiscale matched filters, confidence and edge measures},
  author={Sofka, M. and Stewart, C. V.},
  journal=TMI,
  volume={25},
  number={12},
  pages={1531--1546},
  year={2006},
  publisher={IEEE}
}



@article{jacob2004steerable,
  title={Design of steerable filters for feature detection using canny-like criteria},
  author={Jacob, M. and Unser, M.},
  journal=PAMI,
  volume={26},
  number={8},
  pages={1007--1019},
  year={2004},
  publisher={IEEE}
}


@ARTICLE{5613939, 
author={Qing Li and Zhigang Deng and Yong Zhang and Xiaobo Zhou and Nagerl, U.V. and Wong, S.T.C.}, 
journal=TMI, 
title={A Global Spatial Similarity Optimization Scheme to Track Large Numbers of Dendritic Spines in Time-Lapse Confocal Microscopy}, 
year={2011}, 
month={March}, 
volume={30}, 
number={3}, 
pages={632-641}
}

@ARTICLE{6008641, 
author={Qing Li and Zhigang Deng}, 
journal=TIP, 
title={A Surface-Based 3-D Dendritic Spine Detection Approach From Confocal Microscopy Images}, 
year={2012}, 
month={March}, 
volume={21}, 
number={3}, 
pages={1223-1230}
}

@ARTICLE{6971126, 
author={Becker, C. and Christoudias, C. and Fua, P.}, 
journal=TMI, 
title={Domain Adaptation for Microscopy Imaging}, 
year={2014}, 
month={}, 
volume={PP}, 
number={99}, 
pages={1-1}, 
}

@article{EMmembrane_nguyen,
  title={Shape-driven three-dimensional watersnake segmentation of biological membranes in electron tomography},
  author={Nguyen, Hieu and Ji, Qiang},
  journal=TMI,
  volume={27},
  number={5},
  pages={616--628},
  year={2008},
  publisher={IEEE}
}

@article{mukherjee_TuFF,
  author    = {Suvadip Mukherjee and
               Barry Condron and
               Scott T. Acton},
  title     = {Tubularity Flow Field: A Technique for Automatic Neuron Segmentation},
  journal   = TIP,
  volume    = {24},
  number    = {1},
  pages     = {374--389},
  year      = {2015},
}


@article{bio_belichenko1994rett,
  title={Rett syndrome: 3-D confocal microscopy of cortical pyramidal dendrites and afferents},
  author={Belichenko, Pavel V and Oldfors, Anders and Hagberg, Bengt and Dahlstr{\"o}m, Annica},
  journal={Neuroreport},
  volume={5},
  number={12},
  pages={1509--1513},
  year={1994},
  publisher={LWW}
}

@article{oberlaender2007transmitted,
  title={Transmitted light brightfield mosaic microscopy for three-dimensional tracing of single neuron morphology},
  author={Oberlaender, Marcel and Bruno, Randy M and Sakmann, Bert and Broser, Philip J},
  journal={Journal of biomedical optics},
  volume={12},
  number={6},
  pages={064029--064029},
  year={2007},
  publisher={International Society for Optics and Photonics}
}


@article{kreshuk2011automated,
  title={Automated detection and segmentation of synaptic contacts in nearly isotropic serial electron microscopy images},
  author={Kreshuk, Anna and Straehle, Christoph N and Sommer, Christoph and Koethe, Ullrich and Cantoni, Marco and Knott, Graham and Hamprecht, Fred A},
  journal={PloS one},
  volume={6},
  number={10},
  pages={e24899},
  year={2011},
  publisher={Public Library of Science}
}


@book{calc_of_var,
  title={Variational calculus and optimal control: optimization with elementary convexity},
  author={Troutman, John L},
  year={1995},
  publisher={Springer-Verlag New York, Inc.}
}


@article{convex_hull_graham,
  title={Finding the convex hull of a simple polygon},
  author={Graham, Ronald L and Frances Yao, F},
  journal={Journal of Algorithms},
  volume={4},
  number={4},
  pages={324--331},
  year={1983},
  publisher={Elsevier}
}


@article{otsu,
  title={A threshold selection method from gray-level histograms},
  author={Otsu, Nobuyuki},
  journal={Automatica},
  volume={11},
  number={285-296},
  pages={23--27},
  year={1975}
}



@article{diadem_dataset,
  title={The DIADEM data sets: representative light microscopy images of neuronal morphology to advance automation of digital reconstructions},
  author={Brown, Kerry M and Barrionuevo, Germ{\'a}n and Canty, Alison J and De Paola, Vincenzo and Hirsch, Judith A and Jefferis, Gregory SXE and Lu, Ju and Snippe, Marjolein and Sugihara, Izumi and Ascoli, Giorgio A},
  journal={Neuroinformatics},
  volume={9},
  number={2-3},
  pages={143--157},
  year={2011},
  publisher={Springer}
}



@article{acton_fast,
  title={Fast algorithms for area morphology},
  author={Acton, Scott T},
  journal={Digital Signal Processing},
  volume={11},
  number={3},
  pages={187--203},
  year={2001},
  publisher={Elsevier}
}



@article{cElegans,
  title={The structure of the nervous system of the nematode Caenorhabditis elegans},
  author={White, John G and Southgate, Eileen and Thomson, J Nichol and Brenner, Sydney},
  journal={Philosophical Transactions of the Royal Society of London. B, Biological Sciences},
  volume={314},
  number={1165},
  pages={1--340},
  year={1986},
  publisher={The Royal Society}
}



@article{meijering_survey,
  title={Neuron tracing in perspective},
  author={Meijering, Erik},
  journal={Cytometry Part A},
  volume={77},
  number={7},
  pages={693--704},
  year={2010},
  publisher={Wiley Online Library}
}

@article{rodriguez_voxelscoop,
  title={Three-dimensional neuron tracing by voxel scooping},
  author={Rodriguez, Alfredo and Ehlenberger, Douglas B and Hof, Patrick R and Wearne, Susan L},
  journal={Journal of Neuroscience Methods},
  volume={184},
  number={1},
  pages={169--175},
  year={2009},
  publisher={Elsevier}
}

@article{wearne_neuronStudio,
  title={New techniques for imaging, digitization and analysis of three-dimensional neural morphology on multiple scales},
  author={Wearne, SL and Rodriguez, A and Ehlenberger, DB and Rocher, AB and Henderson, SC and Hof, PR},
  journal={Neuroscience},
  volume={136},
  number={3},
  pages={661--680},
  year={2005},
  publisher={Elsevier}
}


@inproceedings{gonzalez_2010,
  title={Delineating trees in noisy 2D images and 3D image-stacks},
  author={Gonz{\'a}lez, Germ{\'a}n and Turetken, Engin and Fleuret, Fran{\c{c}}ois and Fua, Pascal},
  booktitle={Computer Vision and Pattern Recognition (CVPR), 2010 IEEE Conference on},
  pages={2799--2806},
  year={2010},
  organization={IEEE}
}

@inproceedings{turetken_MIP,
  author    = {Engin T{\"u}retken and
               Fethallah Benmansour and
               Pascal Fua},
  title     = {Automated reconstruction of tree structures using path classifiers
               and Mixed Integer Programming},
  booktitle = CVPR,
  year      = {2012},
  pages     = {566-573},
}

@article{turetken_Diadem,
  author    = {Engin T{\"u}retken and
               Germ{\'a}n Gonz{\'a}lez and
               Christian Blum and
               Pascal Fua},
  title     = {Automated Reconstruction of Dendritic and Axonal Trees by
               Global Optimization with Geometric Priors},
  journal   = {Neuroinformatics},
  volume    = {9},
  number    = {2-3},
  year      = {2011},
  pages     = {279-302},
  ee        = {http://dx.doi.org/10.1007/s12021-011-9122-1},
  bibsource = {DBLP, http://dblp.uni-trier.de}
}


@article{chothani2011automated,
  title={Automated tracing of neurites from light microscopy stacks of images},
  author={Chothani, Paarth and Mehta, Vivek and Stepanyants, Armen},
  journal={Neuroinformatics},
  volume={9},
  number={2-3},
  pages={263--278},
  year={2011},
  publisher={Springer}
}

@article{srinivasan2007automated,
  title={Automated axon tracking of 3D confocal laser scanning microscopy images using guided probabilistic region merging},
  author={Srinivasan, Ranga and Zhou, Xiaobo and Miller, Eric and Lu, Ju and Litchman, Jeff and Wong, Stephen TC},
  journal={Neuroinformatics},
  volume={5},
  number={3},
  pages={189--203},
  year={2007},
  publisher={Springer}
}

@inproceedings{wang2011novel,
  title={Novel 4-D Open-Curve Active Contour and curve completion approach for automated tree structure extraction},
  author={Wang, Yu and Narayanaswamy, Arunachalam and Roysam, Badrinath},
  booktitle=CVPR,
  pages={1105--1112},
  year={2011},
  organization={IEEE}
}

@article{choromanska2012automatic,
  title={Automatic reconstruction of neural morphologies with multi-scale tracking},
  author={Choromanska, Anna and Chang, Shih-Fu and Yuste, Rafael},
  journal={Frontiers in Neural Circuits},
  volume={6},
  year={2012},
  publisher={Frontiers Media SA}
}

@inproceedings{wang2007dynamic,
  title={Dynamic local tracing for 3d axon curvilinear structure detection from microscopic image stack},
  author={Wang, Jun and Zhou, Xiaobo and Lu, Ju and Lichtman, Jeff and Chang, Shih-Fu and Wong, Stephen TC},
  booktitle=ISBI,
  pages={81--84},
  year={2007},
  organization={IEEE}
}

@article{dima_wavalet,
  title={Automatic segmentation and skeletonization of neurons from confocal microscopy images based on the 3-D wavelet transform},
  author={Dima, Anca and Scholz, Michael and Obermayer, Klaus},
  journal=TIP,
  volume={11},
  number={7},
  pages={790--801},
  year={2002},

}

@article{donohue2011_review,
  title={Automated reconstruction of neuronal morphology: an overview},
  author={Donohue, Duncan E and Ascoli, Giorgio A},
  journal={Brain Research Reviews},
  volume={67},
  number={1},
  pages={94--102},
  year={2011},
  publisher={Elsevier}
}


@article{oberlaender2007,
  title={Transmitted light brightfield mosaic microscopy for three-dimensional tracing of single neuron morphology},
  author={Oberlaender, Marcel and Bruno, Randy M and Sakmann, Bert and Broser, Philip J},
  journal={Journal of Biomedical Optics},
  volume={12},
  number={6},
  pages={064029--064029},
  year={2007},
  publisher={International Society for Optics and Photonics}
}

@inproceedings{cai_ISBI,
  title={Shape-constrained repulsive snake method to segment and track neurons in 3D microscopy images},
  author={Cai, Hongmin and Xu, Xiaoyin and Lu, Ju and Lichtman, Jeff and Yung, SP and Wong, Stephen TC},
  booktitle=ISBI,
  pages={538--541},
  year={2006},
}


@article{dijkstra1959note,
  title={A note on two problems in connexion with graphs},
  author={Dijkstra, Edsger W},
  journal={Numerische Mathematik},
  volume={1},
  number={1},
  pages={269--271},
  year={1959},
  publisher={Springer}
}

@article{neuronJ,
  title={Design and validation of a tool for neurite tracing and analysis in fluorescence microscopy images},
  author={Meijering, E and Jacob, M and Sarria, J-CF and Steiner, Pl and Hirling, H and Unser, M},
  journal={Cytometry Part A},
  volume={58},
  number={2},
  pages={167--176},
  year={2004},
  publisher={Wiley Online Library}
}



@article{wang_Roysam_open_curve,
  title={A broadly applicable 3-D neuron tracing method based on open-curve snake},
  author={Wang, Yu and Narayanaswamy, Arunachalam and Tsai, Chia-Ling and Roysam, Badrinath},
  journal={Neuroinformatics},
  volume={9},
  number={2-3},
  pages={193--217},
  year={2011},
  publisher={Springer}
}

@article{roysam_tensorvoting,
  title={3-D image pre-processing algorithms for improved automated tracing of neuronal arbors},
  author={Narayanaswamy, Arunachalam and Wang, Yu and Roysam, Badrinath},
  journal={Neuroinformatics},
  volume={9},
  number={2-3},
  pages={219--231},
  year={2011},
  publisher={Springer}
}


@article{al_kofahi,
  title={Median-based robust algorithms for tracing neurons from noisy confocal microscope images},
  author={Al-Kofahi, Khalid A and Can, Ali and Lasek, Sharie and Szarowski, Donald H and Dowell-Mesfin, Natalie and Shain, William and Turner, James N and Roysam, Badrinath},
  journal=TITB,
  volume={7},
  number={4},
  pages={302--317},
  year={2003},
  publisher={IEEE}
}


@inproceedings{basu_path2path,
  title={Path2Path: hierarchical Path-Based analysis for neuron matching},
  author={Basu, Saurav and Condron, Barry and Acton, Scott T},
  booktitle=ISBI,
  pages={996--999},
  year={2011},
  organization={IEEE}
}


@inproceedings{mukherjee_T2T_2,
  author    = {Suvadip Mukherjee and
  			   Saurav Basu and
               Barry Condron and
               Scott T. Acton},
  title     = {Tree2Tree2: Neuron tracing in 3D},
  booktitle = ISBI,
  year      = {2012},
  pages     = {448--451},
}


@inproceedings{mukherjee_medialness,
  author    = {Suvadip Mukherjee and
               Scott T. Acton},
  title     = {Vector Field Convolution Medialness Applied To Neuron Tracing},
  booktitle = ICIP,
  year      = {2013},
  pages     = {665-669},
}



@article{peng_v3d,
  title={V3D enables real-time 3D visualization and quantitative analysis of large-scale biological image data sets},
  author={Peng, Hanchuan and Ruan, Zongcai and Long, Fuhui and Simpson, Julie H and Myers, Eugene W},
  journal={Nature Biotechnology},
  volume={28},
  number={4},
  pages={348--353},
  year={2010},
  publisher={Nature Publishing Group}
}

@article{peng_APP,
  title={Automatic 3D neuron tracing using all-path pruning},
  author={Peng, Hanchuan and Long, Fuhui and Myers, Gene},
  journal={Bioinformatics},
  volume={27},
  number={13},
  pages={i239--i247},
  year={2011},
  publisher={Oxford Univ Press}
}

@article{peng_GAD,
  title={Automatic reconstruction of 3D neuron structures using a graph-augmented deformable model},
  author={Peng, Hanchuan and Ruan, Zongcai and Atasoy, Deniz and Sternson, Scott},
  journal={Bioinformatics},
  volume={26},
  number={12},
  pages={i38--i46},
  year={2010},
  publisher={Oxford Univ Press}
}

@article{peng_anisotropicPS,
  author    = {Jun Xie and
               Ting Zhao and
               Tzumin Lee and
               Eugene W. Myers and
               Hanchuan Peng},
  title     = {Anisotropic path searching for automatic neuron reconstruction},
  journal   = {Medical Image Analysis},
  volume    = {15},
  number    = {5},
  year      = {2011},
  pages     = {680-689},
  ee        = {http://dx.doi.org/10.1016/j.media.2011.05.013},
  bibsource = {DBLP, http://dblp.uni-trier.de}
}


@article{flux_max,
  title={Flux maximizing geometric flows},
  author={Vasilevskiy, Alexander and Siddiqi, Kaleem},
  journal=PAMI,
  volume={24},
  number={12},
  pages={1565--1578},
  year={2002},
  publisher={IEEE}
}


@article{gooya2008variational,
  title={A variational method for geometric regularization of vascular segmentation in medical images},
  author={Gooya, Ali and Liao, Hongen and Matsumiya, Kiyoshi and Masamune, Ken and Masutani, Yoshitaka and Dohi, Takeyoshi},
  journal=TIP,
  volume={17},
  number={8},
  pages={1295--1312},
  year={2008},
  publisher={IEEE}
}


@article{gooya2012generalization,
  title={Generalization of geometrical flux maximizing flow on Riemannian manifolds for improved volumetric blood vessel segmentation},
  author={Gooya, Ali and Liao, Hongen and Sakuma, Ichiro},
  journal={Computerized Medical Imaging and Graphics},
  volume={36},
  number={6},
  pages={474--483},
  year={2012},
  publisher={Elsevier}
}


@incollection{santamaria2007automatic,
  title={Automatic centerline extraction of irregular tubular structures using probability volumes from multiphoton imaging},
  author={Santamar{\'\i}a-Pang, Alberto and Colbert, CM and Saggau, P and Kakadiaris, Ioannis A},
  booktitle={Medical Image Computing and Computer-Assisted Intervention--MICCAI 2007},
  pages={486--494},
  year={2007},
  publisher={Springer}
}




@incollection{zhou20083d,
  title={3d dendrite reconstruction and spine identification},
  author={Zhou, Wengang and Li, Houqiang and Zhou, Xiaobo},
  booktitle={Medical Image Computing and Computer-Assisted Intervention--MICCAI 2008},
  pages={18--26},
  year={2008},
  publisher={Springer}
}


@article{lesage2009review,
  title={A review of 3D vessel lumen segmentation techniques: Models, features and extraction schemes},
  author={Lesage, David and Angelini, Elsa D and Bloch, Isabelle and Funka-Lea, Gareth},
  journal={Medical Image Analysis},
  volume={13},
  number={6},
  pages={819--845},
  year={2009},
  publisher={Elsevier}
}


@article{lorigo2001curves,
  title={Curves: Curve evolution for vessel segmentation},
  author={Lorigo, Liana M and Faugeras, Olivier D and Grimson, W Eric L and Keriven, Renaud and Kikinis, Ron and Nabavi, Arya and Westin, C-F},
  journal={Medical Image Analysis},
  volume={5},
  number={3},
  pages={195--206},
  year={2001},
  publisher={Elsevier}
}


@article{shang2011vascular,
  title={Vascular active contour for vessel tree segmentation},
  author={Shang, Yanfeng and Deklerck, Rudi and Nyssen, Edgard and Markova, Aneta and de Mey, Johan and Yang, Xin and Sun, Kun},
  journal={IEEE Transactions on Biomedical Engineering},
  volume={58},
  number={4},
  pages={1023--1032},
  year={2011},
  publisher={IEEE}
}




@article{barry_branching,
  title={Branch architecture of the fly larval abdominal serotonergic neurons},
  author={Chen, John and Condron, Barry G},
  journal={Developmental biology},
  volume={320},
  number={1},
  pages={30--38},
  year={2008},
  publisher={Elsevier}
}

@article{barry_serotonergic,
  title={Serotonergic dystrophy induced by excess serotonin},
  author={Daubert, Elizabeth A and Heffron, Daniel S and Mandell, James W and Condron, Barry G},
  journal={Molecular and Cellular Neuroscience},
  volume={44},
  number={3},
  pages={297--306},
  year={2010},
  publisher={Elsevier}
}


@article{neuromorpho,
  title={NeuroMorpho. Org: a central resource for neuronal morphologies},
  author={Ascoli, Giorgio A and Donohue, Duncan E and Halavi, Maryam},
  journal={The Journal of Neuroscience},
  volume={27},
  number={35},
  pages={9247--9251},
  year={2007},
  publisher={Soc Neuroscience}
}

@article{cuntz_book,
  title={The Computing Dendrite},
  author={Cuntz, Hermann and Remme, Michiel WH and Torben-Nielsen, Benjamin},
  journal={AMC},
  volume={10},
  pages={12},
  publisher={Springer}
}


@article{cuntz_neuron,
  title={The morphological identity of insect dendrites},
  author={Cuntz, Hermann and Forstner, Friedrich and Haag, Juergen and Borst, Alexander},
  journal={PLoS Computational Biology},
  volume={4},
  number={12},
  pages={e1000251},
  year={2008},
  publisher={Public Library of Science}
}

@article{neuron_structure,
  title={The role of single neurons in information processing},
  author={Koch, Christof and Segev, Idan},
  journal={Nature Neuroscience},
  volume={3},
  pages={1171--1177},
  year={2000},
  publisher={Nature Publishing Group}
}


@article{us_levelset,
  title={Intravascular ultrasound image segmentation: a three-dimensional fast-marching method based on gray level distributions},
  author={Cardinal, M-H and Meunier, Jean and Soulez, Gilles and Maurice, Roch L and Therasse, {\'E}ric and Cloutier, Guy},
  journal=TMI,
  volume={25},
  number={5},
  pages={590--601},
  year={2006},
  publisher={IEEE}
}

@article{us_morphology,
  title={Automatic segmentation of ultrasound images using morphological operators},
  author={Thomas, Judith G and Peters, Richard Alan and Jeanty, Philippe and others},
  journal=TMI,
  volume={10},
  number={2},
  pages={180--186},
  year={1991},
  publisher={IEEE}
}

@article{us_survey,
  title={Ultrasound image segmentation: a survey},
  author={Noble, J Alison and Boukerroui, Djamal},
  journal=TMI,
  volume={25},
  number={8},
  pages={987--1010},
  year={2006},
  publisher={IEEE}
}


@article{us_shape1,
  title={Segmentation of prostate boundaries from ultrasound images using statistical shape model},
  author={Shen, Dinggang and Zhan, Yiqiang and Davatzikos, Christos},
  journal=TMI,
  volume={22},
  number={4},
  pages={539--551},
  year={2003},
  publisher={IEEE}
}

@incollection{us_shape2,
  title={Efficient kernel density estimation of shape and intensity priors for level set segmentation},
  author={Rousson, Mikael and Cremers, Daniel},
  booktitle=MICCAI,
  pages={757--764},
  year={2005},
  publisher={Springer}
}

@article{us_shape3,
  title={A shape-based approach to the segmentation of medical imagery using level sets},
  author={Tsai, Andy and Yezzi Jr, Anthony and Wells, William and Tempany, Clare and Tucker, Dewey and Fan, Ayres and Grimson, W Eric and Willsky, Alan},
  journal=TMI,
  volume={22},
  number={2},
  pages={137--154},
  year={2003},
  publisher={IEEE}
}

@article{ASM,
  title={Active shape models-their training and application},
  author={Cootes, Timothy F and Taylor, Christopher J and Cooper, David H and Graham, Jim},
  journal=CVIU,
  volume={61},
  number={1},
  pages={38--59},
  year={1995},
  publisher={Elsevier}
}

@incollection{LS_shape_paragios,
  title={Shape priors for level set representations},
  author={Rousson, Mikael and Paragios, Nikos},
  booktitle={Computer Visionâ€”ECCV 2002},
  pages={78--92},
  year={2002},
  publisher={Springer}
}

@inproceedings{acton_US,
  title={Speckle reducing diffusion for ultrasound image enhancement using the structural similarity image measure},
  author={Acton, Scott T},
  booktitle={IEEE 5th International Workshop on Computational Advances in Multi-Sensor Adaptive Processing (CAMSAP)},
  pages={153--156},
  year={2013},
}

@article{SRAD,
  title={Speckle reducing anisotropic diffusion},
  author={Yu, Yongjian and Acton, Scott T},
  journal=TIP,
  volume={11},
  number={11},
  pages={1260--1270},
  year={2002},
  publisher={IEEE}
}


@article{speckle_adaptive,
  title={Adaptive speckle filters and scene heterogeneity},
  author={Lopes, Armand and Touzi, Ridha and Nezry, E},
  journal={IEEE Trans. on Geoscience and Remote Sensing},
  volume={28},
  number={6},
  pages={992--1000},
  year={1990},
  publisher={IEEE}
}

@article{xiao2002segmentation,
  title={Segmentation of ultrasound B-mode images with intensity inhomogeneity correction},
  author={Xiao, Guofang and Brady, Michael and Noble, J Alison and Zhang, Yongyue},
  journal=TMI,
  volume={21},
  number={1},
  pages={48--57},
  year={2002},
  publisher={IEEE}
}

@article{elad_denoising,
  title={Image denoising via sparse and redundant representations over learned dictionaries},
  author={Elad, Michael and Aharon, Michal},
  journal=TIP,
  volume={15},
  number={12},
  pages={3736--3745},
  year={2006},
  publisher={IEEE}
}

@article{dl_algo,
  title={Dictionary learning algorithms for sparse representation},
  author={Kreutz-Delgado, Kenneth and Murray, Joseph F and Rao, Bhaskar D and Engan, Kjersti and Lee, Te-Won and Sejnowski, Terrence J},
  journal={Neural Computation},
  volume={15},
  number={2},
  pages={349--396},
  year={2003},
  publisher={MIT Press}
}

@article{sparse_face,
  title={Robust face recognition via sparse representation},
  author={Wright, John and Yang, Allen Y and Ganesh, Arvind and Sastry, Shankar S and Ma, Yi},
  journal=PAMI,
  volume={31},
  number={2},
  pages={210--227},
  year={2009},
  publisher={IEEE}
}

@inproceedings{dl_restoration,
  title={Non-local sparse models for image restoration},
  author={Mairal, Julien and Bach, Francis and Ponce, Jean and Sapiro, Guillermo and Zisserman, Andrew},
  booktitle=CVPR,
  pages={2272--2279},
  year={2009},
  organization={IEEE}
}


@article{elad_ksvd,
  title={-svd: An algorithm for designing overcomplete dictionaries for sparse representation},
  author={Aharon, Michal and Elad, Michael and Bruckstein, Alfred},
  journal=TSP,
  volume={54},
  number={11},
  pages={4311--4322},
  year={2006},
  publisher={IEEE}
}


@article{zitova2003image,
  title={Image registration methods: a survey},
  author={Zitova, Barbara and Flusser, Jan},
  journal={Image and Vision Computing},
  volume={21},
  number={11},
  pages={977--1000},
  year={2003},
  publisher={Elsevier}
}

@article{krissian2000model,
  title={Model-based detection of tubular structures in 3D images},
  author={K. Krissian \textit{et al}.},
  journal={Computer Vision and Image Understanding},
  volume={80},
  number={2},
  pages={130--171},
  year={2000},
  publisher={Elsevier}
}


@article{mukherjee_L2S, 
author={Mukherjee, S. and Acton, S.T.}, 
journal=SPL, 
title={Region Based Segmentation in Presence of Intensity Inhomogeneity Using Legendre Polynomials}, 
year={2015}, 
month={March}, 
volume={22}, 
number={3}, 
pages={298-302}, 
}

@article{sarkar_DL2S, 
author={Sarkar, R. and Mukherjee, S. and Acton, S.T.}, 
journal=SPL, 
title={Dictionary Learning Level Sets (\textit{accepted})}, 
year={2015}, 
month={}, 
volume={}, 
number={}, 
pages={}, 
}

@article{meijering2004design,
  title={Design and validation of a tool for neurite tracing and analysis in fluorescence microscopy images},
  author={Meijering, E and Jacob, M and Sarria, J-CF and Steiner, Pl and Hirling, H and Unser, M},
  journal={Cytometry Part A},
  volume={58},
  number={2},
  pages={167--176},
  year={2004},
  publisher={Wiley Online Library}
}

@inproceedings{basu2010tree2tree,
  title={Tree2Tree: Neuron segmentation for generation of neuronal morphology},
  author={Basu, Saurav and Aksel, Alla and Condron, Barry and Acton, Scott T},
  booktitle=ISBI,
  pages={548--551},
  year={2010},
}

@article{papandreou2007multigrid,
  title={Multigrid geometric active contour models},
  author={Papandreou, George and Maragos, Petros},
  journal=TIP,
  volume={16},
  number={1},
  pages={229--240},
  year={2007},
  publisher={IEEE}
}

@article{shi2008real,
  title={A real-time algorithm for the approximation of level-set-based curve evolution},
  author={Shi, Yonggang and Karl, William Clement},
  journal=TIP,
  volume={17},
  number={5},
  pages={645--656},
  year={2008},
  publisher={IEEE}
}

@article{goldenberg2001fast,
  title={Fast geodesic active contours},
  author={Goldenberg, Roman and Kimmel, Ron and Rivlin, Ehud and Rudzsky, Michael},
  journal=TIP,
  volume={10},
  number={10},
  pages={1467--1475},
  year={2001},
  publisher={IEEE}
}

@article{sethian1999fast,
  title={Fast marching methods},
  author={Sethian, James A},
  journal={SIAM review},
  volume={41},
  number={2},
  pages={199--235},
  year={1999},
  publisher={SIAM}
}

@article{jacob2004efficient,
  title={Efficient energies and algorithms for parametric snakes},
  author={Jacob, Mathews and Blu, Thierry and Unser, Michael},
  journal=TIP,
  volume={13},
  number={9},
  pages={1231--1244},
  year={2004},
  publisher={IEEE}
}

@article{mishra2011decoupled,
  title={Decoupled active contour (DAC) for boundary detection},
  author={Mishra, Akshaya K and Fieguth, Paul W and Clausi, David A},
  journal=PAMI,
  volume={33},
  number={2},
  pages={310--324},
  year={2011},
  publisher={IEEE}
}

@article{bspline_snake,
  title={B-spline snakes: a flexible tool for parametric contour detection},
  author={Brigger, Patrick and Hoeg, Jeff and Unser, Michael},
  journal=TIP,
  volume={9},
  number={9},
  pages={1484--1496},
  year={2000},
  publisher={IEEE}
}


@article{li_PIG,
  title={Automatic active model initialization via Poisson inverse gradient},
  author={Li, Bing and Acton, Scott T},
  journal=TIP,
  volume={17},
  number={8},
  pages={1406--1420},
  year={2008},
  publisher={IEEE}
}

@article{ray2003merging,
  title={Merging parametric active contours within homogeneous image regions for MRI-based lung segmentation},
  author={Ray, Nilanjan and Acton, Scott T and Altes, Talissa and De Lange, Eduard E and Brookeman, James R},
  journal=TMI,
  volume={22},
  number={2},
  pages={189--199},
  year={2003},
  publisher={IEEE}
}

@article{caselles_minimal_surface,
  title={Minimal surfaces based object segmentation},
  author={Caselles, Vincent and Kimmel, Ron and Sapiro, Guillermo and Sbert, Catalina},
  journal=PAMI,
  volume={19},
  number={4},
  pages={394--398},
  year={1997},
  publisher={IEEE}
}

@article{grayson1987heat,
  title={The heat equation shrinks embedded plane curves to round points},
  author={Grayson, Matthew A},
  journal={Journal of Differential Geometry},
  volume={26},
  number={2},
  pages={285--314},
  year={1987},
  publisher={Lehigh University}
}

@article{tannenbaum1997invariant,
  title={Invariant geometric evolutions of surfaces and volumetric smoothing},
  author={Tannenbaum, Allen and Sapiro, Guillermo and Olver, Peter J},
  journal={SIAM Journal on Applied Mathematics},
  volume={57},
  number={1},
  pages={176--194},
  year={1997},
  publisher={SIAM}
}

@inproceedings{kale2006joint,
  title={A joint illumination and shape model for visual tracking},
  author={Kale, Amit and Jaynes, Christopher},
  booktitle=CVPR,
  volume={1},
  pages={602--609},
  year={2006},
  organization={IEEE}
}

@article{zhu2014complete,
  title={A Complete System for Automatic Extraction of Left Ventricular Myocardium From CT Images Using Shape Segmentation and Contour Evolution},
  author={Zhu, Liangjia and Gao, Yi and Appia, Vikram and Yezzi, Anthony and Arepalli, Chesnal and Faber, Tracy and Stillman, Arthur and Tannenbaum, Allen},
  journal=TIP,
  volume={23},
  number={3},
  pages={1340--1351},
  year={2014},
  publisher={IEEE}
}


@incollection{nain2004vessel,
  title={Vessel segmentation using a shape driven flow},
  author={Nain, Delphine and Yezzi, Anthony and Turk, Greg},
  booktitle={Medical Image Computing and Computer-Assisted Intervention--MICCAI 2004},
  pages={51--59},
  year={2004},
  publisher={Springer}
}



@article{foulonneau2006affine,
  title={Affine-invariant geometric shape priors for region-based active contours},
  author={Foulonneau, Alban and Charbonnier, Pierre and Heitz, Fabrice},
  journal=PAMI,
  volume={28},
  number={8},
  pages={1352--1357},
  year={2006},
  publisher={IEEE}
}



@article{fritscher20073d,
  title={3D image segmentation using combined shape-intensity prior models},
  author={Fritscher, Karl D and Gr{\"u}nerbl, Agnes and Schubert, Rainer},
  journal={International Journal of Computer Assisted Radiology and Surgery},
  volume={1},
  number={6},
  pages={341--350},
  year={2007},
  publisher={Springer}
}



@article{huang2008metamorphs,
  title={Metamorphs: deformable shape and appearance models},
  author={Huang, Xiaolei and Metaxas, Dimitris N},
  journal=PAMI,
  volume={30},
  number={8},
  pages={1444--1459},
  year={2008},
  publisher={IEEE}
}




@article{achuthan2010wavelet,
  title={Wavelet energy-guided level set-based active contour: A segmentation method to segment highly similar regions},
  author={Achuthan, Anusha and Rajeswari, Mandava and Ramachandram, Dhanesh and Aziz, Mohd Ezane and Shuaib, Ibrahim Lutfi},
  journal={Computers in biology and medicine},
  volume={40},
  number={7},
  pages={608--620},
  year={2010},
  publisher={Elsevier}
}



@incollection{frangi_vesselness,
  title={Multiscale vessel enhancement filtering},
  author={Frangi, Alejandro F and Niessen, Wiro J and Vincken, Koen L and Viergever, Max A},
  booktitle=MICCAI,
  pages={130--137},
  year={1998},
  publisher={Springer}
}

@article{chan_vese,
  title={Active contours without edges},
  author={Chan, Tony F and Vese, Luminita A},
  journal=TIP,
  volume={10},
  number={2},
  pages={266--277},
  year={2001},
  publisher={IEEE}
}

@inproceedings{li_without_reinit_CVPR,
  title={Level set evolution without re-initialization: a new variational formulation},
  author={Li, Chunming and Xu, Chenyang and Gui, Changfeng and Fox, Martin D},
  booktitle=CVPR,
  volume={1},
  pages={430--436},
  year={2005},
  organization={IEEE}
}

@article{osher_sethian,
  title={Fronts propagating with curvature-dependent speed: algorithms based on Hamilton-Jacobi formulations},
  author={Osher, Stanley and Sethian, James A},
  journal={Journal of Computational Physics},
  volume={79},
  number={1},
  pages={12--49},
  year={1988},
  publisher={Elsevier}
}

@article{malladi_sethian,
  title={Shape modeling with front propagation: A level set approach},
  author={Malladi, Ravi and Sethian, James A and Vemuri, Baba C},
  journal=PAMI,
  volume={17},
  number={2},
  pages={158--175},
  year={1995},
  publisher={IEEE}
}


@article{basu_T2T_journal,
  author    = {Saurav Basu and
               Barry Condron and
               Alla Aksel and
               Scott T. Acton},
  title     = {Segmentation and Tracing of Single Neurons from 3D Confocal
               Microscope Images},
  journal   = {IEEE J. Biomedical and Health Informatics},
  volume    = {17},
  number    = {2},
  year      = {2013},
  pages     = {319-335},
  ee        = {http://dx.doi.org/10.1109/TITB.2012.2209670},
  bibsource = {DBLP, http://dblp.uni-trier.de}
}


@article{li_VFC,
  title={Active contour external force using vector field convolution for image segmentation},
  author={Li, Bing and Acton, Scott T},
  journal= TIP,
  volume={16},
  number={8},
  pages={2096--2106},
  year={2007},
  publisher={IEEE}
}

@article{caselles_geodesic,
  title={Geodesic active contours},
  author={Caselles, Vicent and Kimmel, Ron and Sapiro, Guillermo},
  journal={International Journal of Computer Vision},
  volume={22},
  number={1},
  pages={61--79},
  year={1997},
  publisher={Springer}
}

@article{xu_GVF_journal,
  title={Snakes, shapes, and gradient vector flow},
  author={Xu, Chenyang and Prince, Jerry L},
  journal=TIP,
  volume={7},
  number={3},
  pages={359--369},
  year={1998},
  publisher={IEEE}
}

@article{li_DRLS,
  title={Distance regularized level set evolution and its application to image segmentation},
  author={Li, Chunming and Xu, Chenyang and Gui, Changfeng and Fox, Martin D},
  journal=TIP,
  volume={19},
  number={12},
  pages={3243--3254},
  year={2010},
  publisher={IEEE}
}





@article{kwt_snakes,
  title={Snakes: Active contour models},
  author={Kass, Michael and Witkin, Andrew and Terzopoulos, Demetri},
  journal={International Journal of Computer Vision},
  volume={1},
  number={4},
  pages={321--331},
  year={1988},
  publisher={Springer}
}

@article{zhao_variational,
  title={A variational level set approach to multiphase motion},
  author={Zhao, Hong-Kai and Chan, Tony and Merriman, Barry and Osher, Stanley},
  journal={Journal of Computational Physics},
  volume={127},
  number={1},
  pages={179--195},
  year={1996},
  publisher={Elsevier}
}

@article{wang_local_CV,
  title={An efficient local Chan--Vese model for image segmentation},
  author={Wang, Xiao-Feng and Huang, De-Shuang and Xu, Huan},
  journal={Pattern Recognition},
  volume={43},
  number={3},
  pages={603--618},
  year={2010},
  publisher={Elsevier}
}

@article{li_contrast_insensitive,
  title={A level set method for image segmentation in the presence of intensity inhomogeneities with application to MRI},
  author={Li, Chunming and Huang, Rui and Ding, Zhaohua and Gatenby, JChris and Metaxas, Dimitris N and Gore, John C},
  journal=TIP,
  volume={20},
  number={7},
  pages={2007--2016},
  year={2011},
}

@inproceedings{feng2000tomographic,
  title={Tomographic reconstruction using curve evolution},
  author={Feng, Haihua and Castanon, David A and Karl, W Clem},
  booktitle=CVPR,
  volume={1},
  pages={361--366},
  year={2000},
 }


@inproceedings{chan_LS_shape,
  title={Level set based shape prior segmentation},
  author={Chan, Tony and Zhu, Wei},
  booktitle=CVPR,
  volume={2},
  pages={1164--1170},
  year={2005},
}

@article{caselles_GAC,
  title={Geodesic active contours},
  author={Caselles, Vicent and Kimmel, Ron and Sapiro, Guillermo},
  journal={International Journal of Computer Vision},
  volume={22},
  number={1},
  pages={61--79},
  year={1997},
  publisher={Springer}
}

@article{leucocyte_dipti,
  title={Level set analysis for leukocyte detection and tracking},
  author={Mukherjee, Dipti Prasad and Ray, Nilanjan and Acton, Scott T},
  journal=TIP,
  volume={13},
  number={4},
  pages={562--572},
  year={2004},
  publisher={IEEE}
}

@article{ray2002tracking,
  title={Tracking leukocytes in vivo with shape and size constrained active contours},
  author={Ray, Nilanjan and Acton, Scott T and Ley, Klaus},
  journal=TMI,
  volume={21},
  number={10},
  pages={1222--1235},
  year={2002},
  publisher={IEEE}
}

@article{li_region_scalable,
  title={Minimization of region-scalable fitting energy for image segmentation},
  author={Li, Chunming and Kao, Chiu-Yen and Gore, John C and Ding, Zhaohua},
  journal=TIP,
  volume={17},
  number={10},
  pages={1940--1949},
  year={2008},
  publisher={IEEE}
}




@article{du_linear_approx,
  title={A new model for image segmentation},
  author={Du, Xaiojun and Bui, Tien D},
  journal=SPL,
  volume={15},
  pages={182--185},
  year={2008},
  publisher={IEEE}
}


@article{lankton_localCV,
  title={Localizing region-based active contours},
  author={Lankton, Shawn and Tannenbaum, Allen},
  journal=TIP,
  volume={17},
  number={11},
  pages={2029--2039},
  year={2008},
  publisher={IEEE}
}


@article{bernard_splinedCV,
  title={Variational B-spline level-set: a linear filtering approach for fast deformable model evolution},
  author={Bernard, Olivier and Friboulet, Denis and Th{\'e}venaz, Philippe and Unser, Michael},
  journal=TIP,
  volume={18},
  number={6},
  pages={1179--1191},
  year={2009},
  publisher={IEEE}
}


@article{vese_multiphase,
  title={A multiphase level set framework for image segmentation using the Mumford and Shah model},
  author={Vese, Luminita A and Chan, Tony F},
  journal=IJCV,
  volume={50},
  number={3},
  pages={271--293},
  year={2002},
  publisher={Springer}
}


@article{mumford_shah,
  title={Optimal approximations by piecewise smooth functions and associated variational problems},
  author={Mumford, David and Shah, Jayant},
  journal={Communications on Pure and Applied Mathematics},
  volume={42},
  number={5},
  pages={577--685},
  year={1989},
  publisher={Wiley Online Library}
}


@article{kim_nonparametric,
  title={A nonparametric statistical method for image segmentation using information theory and curve evolution},
  author={Kim, Junmo and Fisher, John W and Yezzi, Anthony and {\c{C}}etin, M{\"u}jdat and Willsky, Alan S},
  journal=TIP,
  volume={14},
  number={10},
  pages={1486--1502},
  year={2005},
  publisher={IEEE}
}

@article{cremers2007review,
  title={A review of statistical approaches to level set segmentation: integrating color, texture, motion and shape},
  author={Cremers, Daniel and Rousson, Mikael and Deriche, Rachid},
  journal=IJCV,
  volume={72},
  number={2},
  pages={195--215},
  year={2007},
  publisher={Springer}
}


@article{gramian,
  title={The gramian and k-volume in n-space: some classical results in linear algebra},
  author={Barth, Nils},
  journal={J Young Investig},
  volume={2},
  year={1999}
}


@InProceedings{BerkeleySegDatabase,
  author = {D. Martin and C. Fowlkes and D. Tal and J. Malik},
  title = {A Database of Human Segmented Natural Images and its
           Application to Evaluating Segmentation Algorithms and
           Measuring Ecological Statistics},
  booktitle = ICCV,
  year = {2001},
  month = {July},
  volume = {2},
  pages = {416--423}
}


@inproceedings{creaseg,
  title={CREASEG: a free software for the evaluation of image segmentation algorithms based on level-set},
  author={Dietenbeck, Thomas and Alessandrini, Martino and Friboulet, Denis and Bernard, Olivier},
  booktitle=ICIP,
  pages={665--668},
  year={2010},
}


@inproceedings{clem, 
author={H. Feng and D.A. Castanon, and W.C. Karl}, 
booktitle=CVPR, 
title={Tomographic reconstruction using curve evolution}, 
year={2000}, 
month={}, 
volume={1}, 
pages={361-366 vol.1}, 
ISSN={1063-6919}
}


@inproceedings{feng2001ICCV,
  title={A curve evolution approach for image segmentation using adaptive flows},
  author={Feng, Haihua and Castanon, David A and Karl, William Clement},
  booktitle=ICCV,
  volume={2},
  pages={494--499},
  year={2001},
}
