
@article{synapse_becker2013,
  title={Learning context cues for synapse segmentation},
  author={Becker, Carlos and Ali, Karim and Knott, Graham and Fua, Pascal},
  journal={IEEE Transactions on Medical Imaging},
  volume={32},
  number={10},
  pages={1864--1877},
  year={2013},
  publisher={IEEE}
}

@article{zhang20083d,
  title={3D axon structure extraction and analysis in confocal fluorescence microscopy images},
  author={Zhang, Yong and Zhou, Xiaobo and Lu, Ju and Lichtman, Jeff and Adjeroh, Donald and Wong, Stephen TC},
  journal={Neural Computation},
  volume={20},
  number={8},
  pages={1899--1927},
  year={2008},
  publisher={MIT Press}
}

@article{rodriguez_spine,
  title={Automated three-dimensional detection and shape classification of dendritic spines from fluorescence microscopy images},
  author={Rodriguez, Alfredo and Ehlenberger, Douglas B and Dickstein, Dara L and Hof, Patrick R and Wearne, Susan L},
  journal={PloS One},
  volume={3},
  number={4},
  pages={e1997},
  year={2008},
  publisher={Public Library of Science}
}

@article{mitochondria_lucchi2012,
  title={Supervoxel-based segmentation of mitochondria in em image stacks with learned shape features},
  author={Lucchi, Aur{\'e}lien and Smith, Kevin and Achanta, Radhakrishna and Knott, Graham and Fua, Pascal},
  journal={IEEE Transactions on Medical Imaging},
  volume={31},
  number={2},
  pages={474--486},
  year={2012},
  publisher={IEEE}
}

@article{connectomics_jain2010machines,
  title={Machines that learn to segment images: a crucial technology for connectomics},
  author={Jain, Viren and Seung, H Sebastian and Turaga, Srinivas C},
  journal={Current Opinion in Neurobiology},
  volume={20},
  number={5},
  pages={653--666},
  year={2010},
  publisher={Elsevier}
}

@article{EMmembrane_nguyen,
  title={Shape-driven three-dimensional watersnake segmentation of biological membranes in electron tomography},
  author={Nguyen, Hieu and Ji, Qiang},
  journal=TMI,
  volume={27},
  number={5},
  pages={616--628},
  year={2008},
  publisher={IEEE}
}

@article{connectomics_sumbul2014automated,
  title={Automated computation of arbor densities: a step toward identifying neuronal cell types},
  author={S{\"u}mb{\"u}l, Uygar and Zlateski, Aleksandar and Vishwanathan, Ashwin and Masland, Richard H and Seung, H Sebastian},
  journal={Frontiers in Neuroanatomy},
  volume={8},
  year={2014},
  publisher={Frontiers Media SA}
}

@article{connectomics_seung2014neuronal,
  title={Neuronal cell types and connectivity: lessons from the retina},
  author={Seung, H Sebastian and S{\"u}mb{\"u}l, Uygar},
  journal={Neuron},
  volume={83},
  number={6},
  pages={1262--1272},
  year={2014},
  publisher={Elsevier}
}

@article{bio_belichenko1994rett,
  title={Rett syndrome: 3-D confocal microscopy of cortical pyramidal dendrites and afferents},
  author={Belichenko, Pavel V and Oldfors, Anders and Hagberg, Bengt and Dahlstr{\"o}m, Annica},
  journal={Neuroreport},
  volume={5},
  number={12},
  pages={1509--1513},
  year={1994},
  publisher={LWW}
}

@article{bio_kasthuri_syncompete,
  title={The role of neuronal identity in synaptic competition},
  author={Kasthuri, Narayanan and Lichtman, Jeff W},
  journal={Nature},
  volume={424},
  number={6947},
  pages={426--430},
  year={2003},
  publisher={Nature Publishing Group}
}

@article{barry_branching,
  title={Branch architecture of the fly larval abdominal serotonergic neurons},
  author={Chen, John and Condron, Barry G},
  journal={Developmental biology},
  volume={320},
  number={1},
  pages={30--38},
  year={2008},
  publisher={Elsevier}
}


@article{barry_varicosity,
  title={Drosophila serotonergic varicosities are not distributed in a regular manner},
  author={Chen, John and Condron, Barry G},
  journal={Journal of Comparative Neurology},
  volume={515},
  number={4},
  pages={441--453},
  year={2009},
  publisher={Wiley Online Library}
}

@article{barry_serotonergic,
  title={Serotonergic dystrophy induced by excess serotonin},
  author={Daubert, Elizabeth A and Heffron, Daniel S and Mandell, James W and Condron, Barry G},
  journal={Molecular and Cellular Neuroscience},
  volume={44},
  number={3},
  pages={297--306},
  year={2010},
  publisher={Elsevier}
}


@article{neuromorpho,
  title={NeuroMorpho. Org: a central resource for neuronal morphologies},
  author={Ascoli, Giorgio A and Donohue, Duncan E and Halavi, Maryam},
  journal={The Journal of Neuroscience},
  volume={27},
  number={35},
  pages={9247--9251},
  year={2007},
  publisher={Soc Neuroscience}
}


@article{peng2008bioimage,
  title={Bioimage informatics: a new area of engineering biology},
  author={Peng, Hanchuan},
  journal={Bioinformatics},
  volume={24},
  number={17},
  pages={1827--1836},
  year={2008},
  publisher={Oxford Univ Press}
}

@article{meijering2010neuron,
  title={Neuron tracing in perspective},
  author={Meijering, Erik},
  journal={Cytometry Part A},
  volume={77},
  number={7},
  pages={693--704},
  year={2010},
  publisher={Wiley Online Library}
}

@article{knott2008serial,
  title={Serial section scanning electron microscopy of adult brain tissue using focused ion beam milling},
  author={Knott, Graham and Marchman, Herschel and Wall, David and Lich, Ben},
  journal={The Journal of Neuroscience},
  volume={28},
  number={12},
  pages={2959--2964},
  year={2008},
  publisher={Soc Neuroscience}
}

@article{oberlaender2007transmitted,
  title={Transmitted light brightfield mosaic microscopy for three-dimensional tracing of single neuron morphology},
  author={Oberlaender, Marcel and Bruno, Randy M and Sakmann, Bert and Broser, Philip J},
  journal={Journal of biomedical optics},
  volume={12},
  number={6},
  pages={064029--064029},
  year={2007},
  publisher={International Society for Optics and Photonics}
}

@incollection{santamaria2007automatic,
  title={Automatic centerline extraction of irregular tubular structures using probability volumes from multiphoton imaging},
  author={Santamar{\'\i}a-Pang, Alberto and Colbert, CM and Saggau, P and Kakadiaris, Ioannis A},
  booktitle={Medical Image Computing and Computer-Assisted Intervention--MICCAI 2007},
  pages={486--494},
  year={2007},
  publisher={Springer}
}


@article{xie2011anisotropic,
  title={Anisotropic path searching for automatic neuron reconstruction},
  author={Xie, Jun and Zhao, Ting and Lee, Tzumin and Myers, Eugene and Peng, Hanchuan},
  journal={Medical Image Analysis},
  volume={15},
  number={5},
  pages={680--689},
  year={2011},
  publisher={Elsevier}
}


@article{wang2011broadly,
  title={A broadly applicable 3-D neuron tracing method based on open-curve snake},
  author={Wang, Yu and Narayanaswamy, Arunachalam and Tsai, Chia-Ling and Roysam, Badrinath},
  journal={Neuroinformatics},
  volume={9},
  number={2-3},
  pages={193--217},
  year={2011},
  publisher={Springer}
}

@inproceedings{basu2011path2path,
  title={Path2Path: hierarchical Path-Based analysis for neuron matching},
  author={Basu, Saurav and Condron, Barry and Acton, Scott T},
  booktitle={IEEE International Symposium on Biomedical Imaging},
  pages={996--999},
  year={2011},
  organization={IEEE}
}

@inproceedings{mukherjee2012geometric,
  title={A geometric-statistical approach toward neuron matching},
  author={Mukherjee, Suvadip and Basu, Saurav and Condron, Barry and Acton, Scott T},
  booktitle={IEEE International Symposium on Biomedical Imaging },
  pages={772--775},
  year={2012},
  organization={IEEE}
}

@ARTICLE{fua_graph, 
author={Serradell, E. and Pinheiro, M.A. and Sznitman, R. and Kybic, J. and Moreno-Noguer, F. and Fua, P.}, 
journal={IEEE Transactions on Pattern Analysis and Machine Intelligence}, 
title={Non-Rigid Graph Registration Using Active Testing Search}, 
year={2015}, 
month={March}, 
volume={37}, 
number={3}, 
pages={625-638}
}

@incollection{gonzalez2009steerable,
  title={Steerable features for statistical 3D dendrite detection},
  author={Gonz{\'a}lez, Germ{\'a}n and Aguet, Fran{\c{c}}ois and Fleuret, Fran{\c{c}}ois and Unser, Michael and Fua, Pascal},
  booktitle={Medical Image Computing and Computer-Assisted Intervention--MICCAI 2009},
  pages={625--632},
  year={2009},
  publisher={Springer}
}

@inproceedings{serradell2012robust,
  title={Robust non-rigid registration of 2D and 3D graphs},
  author={Serradell, Eduard and Glowacki, Przemyslaw and Kybic, Jan and Moreno-Noguer, Francesc and Fua, Pascal},
  booktitle={IEEE Conference on Computer Vision and Pattern Recognition (CVPR) },
  pages={996--1003},
  year={2012},
  organization={IEEE}
}


@INPROCEEDINGS{6235891, 
author={Tiancheng He and Zhong Xue and Yong Kim and Wong, S.T.}, 
booktitle={Biomedical Imaging (ISBI), 2012 9th IEEE International Symposium on}, 
title={Three-dimensional dendritic spine detection based on minimal cross-sectional curvature}, 
year={2012}, 
month={May}, 
pages={1639-1642}, 
}

@ARTICLE{6891304, 
author={Corenthy, L. and Garcia, M. and Bayona, S. and Santuy, A. and San Martin, J. and Benavides-Piccione, R. and DeFelipe, J. and Pastor, L.}, 
journal={Haptics, IEEE Transactions on}, 
title={Haptically Assisted Connection Procedure for the Reconstruction of Dendritic Spines}, 
year={2014}, 
month={Oct}, 
volume={7}, 
number={4}, 
pages={486-498}
}

@ARTICLE{5613939, 
author={Qing Li and Zhigang Deng and Yong Zhang and Xiaobo Zhou and Nagerl, U.V. and Wong, S.T.C.}, 
journal=TMI, 
title={A Global Spatial Similarity Optimization Scheme to Track Large Numbers of Dendritic Spines in Time-Lapse Confocal Microscopy}, 
year={2011}, 
month={March}, 
volume={30}, 
number={3}, 
pages={632-641}
}

@INPROCEEDINGS{1624976, 
author={Xiaoyin Xu and Jie Cheng and Witt, R.M. and Sabatini, B.L. and Wong, S.T.C.}, 
booktitle={Biomedical Imaging: Nano to Macro, 2006. 3rd IEEE International Symposium on}, 
title={A shape analysis method to detect dendritic spine in 3D optical microscopy image}, 
year={2006}, 
month={April}, 
pages={554-557}
}

@ARTICLE{6008641, 
author={Qing Li and Zhigang Deng}, 
journal=TIP, 
title={A Surface-Based 3-D Dendritic Spine Detection Approach From Confocal Microscopy Images}, 
year={2012}, 
month={March}, 
volume={21}, 
number={3}, 
pages={1223-1230}
}

@ARTICLE{1657828, 
author={Xiaoyin Xu and Wong, S.T.C.}, 
journal={IEEE Signal Processing Magazine}, 
title={Optical microscopic image processing of dendritic spines morphology}, 
year={2006}, 
month={July}, 
volume={23}, 
number={4}, 
pages={132-135}
}

@INPROCEEDINGS{7025004, 
author={Rada, L. and Erdil, E. and Ozgur Argunsah, A. and Unay, D. and Cetin, M.}, 
booktitle={Image Processing (ICIP), 2014 IEEE International Conference on}, 
title={Automatic dendritic spine detection using multiscale dot enhancement filters and SIFT features}, 
year={2014}, 
month={Oct}, 
pages={26-30}, 
}

@inproceedings{shi2009online,
  title={Online three-dimensional dendritic spines mophological classification based on semi-supervised learning},
  author={Shi, Peng and Zhou, Xiaobo and Li, Qing and Baron, Matthew and Teylan, Merille A and Kim, Yong and Wong, Stephen TC},
  booktitle={Biomedical Imaging: From Nano to Macro, 2009. ISBI'09. IEEE International Symposium on},
  pages={1019--1022},
  year={2009},
  organization={IEEE}
}

@article{carlbom1994computer,
  title={Computer-assisted registration, segmentation, and 3D reconstruction from images of neuronal tissue sections},
  author={Carlbom, Ingrid and Terzopoulos, Demetri and Harris, Kirsten M},
  journal={Medical Imaging, IEEE Transactions on},
  volume={13},
  number={2},
  pages={351--362},
  year={1994},
  publisher={IEEE}
}

@article{kreshuk2011automated,
  title={Automated detection and segmentation of synaptic contacts in nearly isotropic serial electron microscopy images},
  author={Kreshuk, Anna and Straehle, Christoph N and Sommer, Christoph and Koethe, Ullrich and Cantoni, Marco and Knott, Graham and Hamprecht, Fred A},
  journal={PloS one},
  volume={6},
  number={10},
  pages={e24899},
  year={2011},
  publisher={Public Library of Science}
}

@inproceedings{jorstad2014refining,
  title={Refining Mitochondria Segmentation in Electron Microscopy Imagery with Active Surfaces},
  author={Jorstad, Anne and Fua, Pascal},
  booktitle={European Conference on Computer Vision (ECCV) Workshop on Non-Rigid Shape Analysis and Deformable Image Alignment},
  number={EPFL-CONF-201868},
  year={2014}
}

@ARTICLE{6971126, 
author={Becker, C. and Christoudias, C. and Fua, P.}, 
journal=TMI, 
title={Domain Adaptation for Microscopy Imaging}, 
year={2014}, 
month={}, 
volume={PP}, 
number={99}, 
pages={1-1}, 
}

@ARTICLE{6877663, 
author={Ghita, O. and Dietlmeier, J. and Whelan, P.F.}, 
journal={Image Processing, IEEE Transactions on}, 
title={Automatic Segmentation of Mitochondria in EM Data Using Pairwise Affinity Factorization and Graph-Based Contour Searching}, 
year={2014}, 
month={Oct}, 
volume={23}, 
number={10}, 
pages={4576-4586}
}

@article{brown2011diadem,
  title={The DIADEM data sets: representative light microscopy images of neuronal morphology to advance automation of digital reconstructions},
  author={Brown, Kerry M and Barrionuevo, Germ{\'a}n and Canty, Alison J and De Paola, Vincenzo and Hirsch, Judith A and Jefferis, Gregory SXE and Lu, Ju and Snippe, Marjolein and Sugihara, Izumi and Ascoli, Giorgio A},
  journal={Neuroinformatics},
  volume={9},
  number={2-3},
  pages={143--157},
  year={2011},
  publisher={Springer}
}

@article{ascoli2007neuromorpho,
  title={NeuroMorpho. Org: a central resource for neuronal morphologies},
  author={Ascoli, Giorgio A and Donohue, Duncan E and Halavi, Maryam},
  journal={The Journal of Neuroscience},
  volume={27},
  number={35},
  pages={9247--9251},
  year={2007},
  publisher={Soc Neuroscience}
}























